<?xml version="1.0" encoding="UTF-8"?><collection xmlns="http://www.loc.gov/MARC21/slim"><record><leader>00338nam--2200121-i-4500</leader><controlfield tag="001">000008304</controlfield><controlfield tag="002">20161230</controlfield><controlfield tag="005">20161230201027</controlfield><controlfield tag="008">060222s1000------------r-----000-0-eng-d</controlfield><datafield ind1=" " ind2=" " tag="100"><subfield code="a">Bendzius, A., Kubilius, J., Ziugzda, J</subfield></datafield><datafield ind1=" " ind2=" " tag="245"><subfield code="a">Viiniaus universitates-redakcine kolegija</subfield></datafield><datafield ind1=" " ind2=" " tag="260"><subfield code="a">Leidykla  Mintis Vilnius, 1966. 319 P</subfield></datafield><datafield ind1=" " ind2=" " tag="852"><subfield code="a">27809</subfield></datafield></record></collection>